@article{BADR15,
  title={Segnet: A Deep Convolutional Encoder-Decoder Architecture for Robust Semantic Pixel-Wise Labelling},
  author={Badrinarayanan, Vijay and Handa, Ankur and Cipolla, Roberto},
  journal={arXiv preprint arXiv:1505.07293},
  year={2015}
}

@inproceedings{BOTT94,
  title={Comparison of Classifier Methods: A Case Study in Handwritten Digit Recognition},
  author={Bottou, L{\'e}on and Cortes, Corinna and Denker, John S and Drucker, Harris and Guyon, Isabelle and Jackel, Lawrence D and LeCun, Yann and Muller, Urs A and Sackinger, Edward and Simard, Patrice and others},
  booktitle={International Conference on Pattern Recognition},
  pages={77--77},
  year={1994},
  organization={IEEE Computer Society Press}
}

@inproceedings{BOUR10,
  title={Learning mid-level features for recognition},
  author={Boureau, Y-Lan and Bach, Francis and LeCun, Yann and Ponce, Jean},
  booktitle={Computer Vision and Pattern Recognition (CVPR), 2010 IEEE Conference on},
  pages={2559--2566},
  year={2010},
  organization={IEEE}
}

@article{BROS09,
  title={Semantic object classes in video: A high-definition ground truth database},
  author={Brostow, Gabriel J and Fauqueur, Julien and Cipolla, Roberto},
  journal={Pattern Recognition Letters},
  volume={30},
  number={2},
  pages={88--97},
  year={2009},
  publisher={Elsevier}
}

@inproceedings{CIRE12,
  title={Multi-column Deep Neural Networks for Image Classification},
  author={Ciresan, Dan and Meier, Ueli and Schmidhuber, J{\"u}rgen},
  booktitle={Conference on Computer Vision and Pattern Recognition (CVPR)},
  pages={3642--3649},
  year={2012},
  organization={IEEE}
}

@article{COMA02,
  title={Mean shift: A robust approach toward feature space analysis},
  author={Comaniciu, Dorin and Meer, Peter},
  journal={IEEE Transactions on pattern analysis and machine intelligence},
  volume={24},
  number={5},
  pages={603--619},
  year={2002},
  publisher={IEEE}
}

@article{CSUR11,
  title={An efficient approach to semantic segmentation},
  author={Csurka, Gabriela and Perronnin, Florent},
  journal={International Journal of Computer Vision},
  volume={95},
  number={2},
  pages={198--212},
  year={2011},
  publisher={Springer}
}

@inproceedings{CSUR13,
  title={What is a good evaluation measure for semantic segmentation?.},
  author={Csurka, Gabriela and Larlus, Diane and Perronnin, Florent and Meylan, France},
  organization={Citeseer}
}


@article{DAHL12,
  title={Context-dependent Pre-trained Deep Neural Networks for Large-vocabulary Speech Recognition},
  author={Dahl, George E and Yu, Dong and Deng, Li and Acero, Alex},
  journal={Transactions on Audio, Speech, and Language Processing},
  volume={20},
  number={1},
  pages={30--42},
  year={2012},
  publisher={IEEE}
}

@inproceedings{DIET00,
  title={Ensemble methods in machine learning},
  author={Dietterich, Thomas G},
  booktitle={International workshop on multiple classifier systems},
  pages={1--15},
  year={2000},
  organization={Springer}
}


@Article{EVER10,
   author = "Everingham, M. and Van~Gool, L. and Williams, C. K. I. and Winn, J. and Zisserman, A.",
   title = "The Pascal Visual Object Classes (VOC) Challenge",
   journal = "International Journal of Computer Vision",
   volume = "88",
   year = "2010",
   number = "2",
   month = jun,
   pages = "303--338",
} 

@article{FARA13,
  title={Learning hierarchical features for scene labeling},
  author={Farabet, Clement and Couprie, Camille and Najman, Laurent and LeCun, Yann},
  journal={IEEE transactions on pattern analysis and machine intelligence},
  volume={35},
  number={8},
  pages={1915--1929},
  year={2013},
  publisher={IEEE}
}


@article{FEHR15,
  title={Improving Decision Analytics with Deep Learning: The Case of Financial Disclosures},
  author={Fehrer, Ralph and Feuerriegel, Stefan},
  booktitle={24th European Conference on Information Systems, Istanbul},
  year={2015}
}

@inproceedings{HE16,
  title={Deep Residual Learning for Image Recognition},
  author={He, Kaiming and Zhang, Xiangyu and Ren, Shaoqing and Sun, Jian},
  booktitle={Conference on Computer Vision and Pattern Recognition (CVPR)},
  year={2016},
  organization={IEEE}
}

@article{HINT12,
  title={Deep Neural Networks for Acoustic Modeling in Speech Recognition: The Shared Views of Four Research Groups},
  author={Hinton, Geoffrey and Deng, Li and Yu, Dong and Dahl, George E and Mohamed, Abdel-rahman and Jaitly, Navdeep and Senior, Andrew and Vanhoucke, Vincent and Nguyen, Patrick and Sainath, Tara N and others},
  journal={Signal Processing Magazine, IEEE},
  volume={29},
  number={6},
  pages={82--97},
  year={2012},
  publisher={IEEE}
}

@incollection{HINT15,
  title={Distilling the Knowledge in a Neural Network},
  author={Hinton, Geoffrey and Vinyals, Oriol and Dean, Jeff},
  booktitle={Deep Learning and Representation Learning Workshop},
  year={2015}
}

@article{KAND16,
  title={Multi-source deep transfer learning for cross-sensor biometrics},
  author={Kandaswamy, Chetak and Monteiro, Jo{\~a}o C and Silva, Lu{\'\i}s M and Cardoso, Jaime S},
  journal={Neural Computing and Applications},
  pages={1--15},
  year={2016},
  publisher={Springer}
}

@article{KOHL09,
  title={Robust higher order potentials for enforcing label consistency},
  author={Kohli, Pushmeet and Torr, Philip HS and others},
  journal={International Journal of Computer Vision},
  volume={82},
  number={3},
  pages={302--324},
  year={2009},
  publisher={Springer}
}


@article{KRAE11,
  title={Efficient Inference in Fully Connected CRFs with Gaussian Edge Potentials},
  author={Kräenbühl, Philipp and Koltun, Vladlen},
  journal={NIPS},
  year={2011}
}

@inproceedings{KRIZ12,
  title={Imagenet classification with deep convolutional neural networks},
  author={Krizhevsky, Alex and Sutskever, Ilya and Hinton, Geoffrey E},
  booktitle={Advances in neural information processing systems},
  pages={1097--1105},
  year={2012}
}

@inproceedings{LECU95,
  title={Comparison of Learning Algorithms for Handwritten Digit Recognition},
  author={LeCun, Yann and Jackel, LD and Bottou, L and Brunot, A and Cortes, C and Denker, JS and Drucker, H and Guyon, I and Muller, UA and Sackinger, E and others},
  booktitle={International Conference on Artificial Neural Networks},
  volume={60},
  pages={53--60},
  year={1995}
}

@article{LECU98,
  title={Gradient-based learning applied to document recognition},
  author={LeCun, Yann and Bottou, L{\'e}on and Bengio, Yoshua and Haffner, Patrick},
  journal={Proceedings of the IEEE},
  volume={86},
  number={11},
  pages={2278--2324},
  year={1998},
  publisher={IEEE}
}

@inproceedings{LIN14,
  title={Microsoft coco: Common objects in context},
  author={Lin, Tsung-Yi and Maire, Michael and Belongie, Serge and Hays, James and Perona, Pietro and Ramanan, Deva and Doll{\'a}r, Piotr and Zitnick, C Lawrence},
  booktitle={European Conference on Computer Vision},
  pages={740--755},
  year={2014},
  organization={Springer}
}


@inproceedings{LONG15,
  title={Fully Convolutional Networks for Semantic Segmentation},
  author={Long, Jonathan and Shelhamer, Evan and Darrell, Trevor},
  booktitle={Proceedings of the IEEE Conference on Computer Vision and Pattern Recognition},
  pages={3431--3440},
  year={2015}
}

@article{MARM16,
  title={Semantic Segmentation of Aerial Images with AN Ensemble of CNNs},
  author={Marmanisa, D and Wegnera, JD and Gallianib, S and Schindlerb, K and Datcuc, M and Stillad, U},
  journal={ISPRS Annals of Photogrammetry, Remote Sensing and Spatial Information Sciences},
  pages={473--480},
  year={2016}
}

@InProceedings{MART01,
  author = {D. Martin and C. Fowlkes and D. Tal and J. Malik},
  title = {A Database of Human Segmented Natural Images and its Application to Evaluating Segmentation Algorithms and Measuring Ecological Statistics},
  booktitle = {Proc. 8th Int'l Conf. Computer Vision},
  year = {2001},
  month = {July},
  volume = {2},
  pages = {416--423}
}

@article{MNIH13,
  title={Playing Atari with Deep Reinforcement Learning},
  author={Mnih, Volodymyr and Kavukcuoglu, Koray and Silver, David and Graves, Alex and Antonoglou, Ioannis and Wierstra, Daan and Riedmiller, Martin},
  journal={Workshop on Deep Learning, NIPS},
  year={2013}
}

@article{MOBA11,
  title={Segmentation of natural images by texture and boundary compression},
  author={Mobahi, Hossein and Rao, Shankar R and Yang, Allen Y and Sastry, Shankar S and Ma, Yi},
  journal={International journal of computer vision},
  volume={95},
  number={1},
  pages={86--98},
  year={2011},
  publisher={Springer}
}

@article{NI09,
  title={Local histogram based segmentation using the Wasserstein distance},
  author={Ni, Kangyu and Bresson, Xavier and Chan, Tony and Esedoglu, Selim},
  journal={International journal of computer vision},
  volume={84},
  number={1},
  pages={97--111},
  year={2009},
  publisher={Springer}
}

@article{ROSS08,
  title={Incremental learning for robust visual tracking},
  author={Ross, David A and Lim, Jongwoo and Lin, Ruei-Sung and Yang, Ming-Hsuan},
  journal={International Journal of Computer Vision},
  volume={77},
  number={1-3},
  pages={125--141},
  year={2008},
  publisher={Springer}
}

@article{RUSS15,
  title={Imagenet large scale visual recognition challenge},
  author={Russakovsky, Olga and Deng, Jia and Su, Hao and Krause, Jonathan and Satheesh, Sanjeev and Ma, Sean and Huang, Zhiheng and Karpathy, Andrej and Khosla, Aditya and Bernstein, Michael and others},
  journal={International Journal of Computer Vision},
  volume={115},
  number={3},
  pages={211--252},
  year={2015},
  publisher={Springer}
}

@inproceedings{SAXE11,
  title={On random weights and unsupervised feature learning},
  author={Saxe, Andrew and Koh, Pang W and Chen, Zhenghao and Bhand, Maneesh and Suresh, Bipin and Ng, Andrew Y},
  booktitle={Proceedings of the 28th international conference on machine learning (ICML-11)},
  pages={1089--1096},
  year={2011}
}

@inproceedings{SERM11,
  title={Traffic Sign Recognition with Multi-scale Convolutional Networks},
  author={Sermanet, Pierre and LeCun, Yann},
  booktitle={The 2011 International Joint Conference on Neural Networks (IJCNN)},
  pages={2809--2813},
  year={2011},
  organization={IEEE}
}

@article{SIMO14,
  title={Very Deep Convolutional Networks for Large-Scale Image Recognition},
  author={Simonyan, Karen and Zisserman, Andrew},
  journal={CoRR},
  volume={abs/1409.1556},
  year={2014}
}

@article{SILV16,
  title={Mastering the game of Go with deep neural networks and tree search},
  author={Silver, David and Huang, Aja and Maddison, Chris J and Guez, Arthur and Sifre, Laurent and Van Den Driessche, George and Schrittwieser, Julian and Antonoglou, Ioannis and Panneershelvam, Veda and Lanctot, Marc and others},
  journal={Nature},
  volume={529},
  number={7587},
  pages={484--489},
  year={2016},
  publisher={Nature Publishing Group}
}

@article{SPRI14,
  title={Striving for simplicity: The all convolutional net},
  author={Springenberg, Jost Tobias and Dosovitskiy, Alexey and Brox, Thomas and Riedmiller, Martin},
  journal={arXiv preprint arXiv:1412.6806},
  year={2014}
}


@inproceedings{SZEG15,
  title={Going Deeper with Convolutions},
  author={Szegedy, Christian and Liu, Wei and Jia, Yangqing and Sermanet, Pierre and Reed, Scott and Anguelov, Dragomir and Erhan, Dumitru and Vanhoucke, Vincent and Rabinovich, Andrew},
  booktitle={Proceedings of the IEEE Conference on Computer Vision and Pattern Recognition},
  pages={1--9},
  year={2015}
}

@inproceedings{WANG13,
  title={Learning a deep compact image representation for visual tracking},
  author={Wang, Naiyan and Yeung, Dit-Yan},
  booktitle={Advances in neural information processing systems},
  pages={809--817},
  year={2013}
}

@article{YU15,
  title={Multi-scale context aggregation by dilated convolutions},
  author={Yu, Fisher and Koltun, Vladlen},
  journal={ICLR},
  year={2015}
}

@inproceedings{ZHEN15,
  title={Conditional Random Fields as Recurrent Neural Networks},
  author={Zheng, Shuai and Jayasumana, Sadeep and Romera-Paredes, Bernardino and Vineet, Vibhav and Su, Zhizhong and Du, Dalong and Huang, Chang and Torr, Philip HS},
  booktitle={Proceedings of the IEEE International Conference on Computer Vision},
  pages={1529--1537},
  year={2015}
}